@article{lgs14,
  title={Bounds on normalized Laplacian eigenvalues of graphs},
  author={Li, Jianxi and Guo, Ji-Ming and Shiu, Wai C},
  journal={Journal of Inequalities and Applications},
  volume={2014},
  number={1},
  pages={316},
  year={2014},
  doi={10.1186/1029-242X-2014-316},
  publisher={Springer}
}
